

@article{IMM2002-0403,
          author       = "M. B. Stegmann and D. D. Gomez",
          title        = "A Brief Introduction to Statistical Shape Analysis",
          year         = "2002",
          month        = "mar",
          pages        = "15",
          journal	    = "Informatics and Mathematical Modelling, Technical University of Denmark, {DTU}",
}

@inbook{Meh68,
  added-at = {2010-12-13T14:12:34.000+0100},
  author = {Mehrabian, A.},
  biburl = {http://www.bibsonomy.org/bibtex/238b985b0da01251a3aabca7f1ff39dff/veronicasu},
  booktitle = {Psychology Today},
  edition = 2,
  interhash = {59a7c16467afb1cfeb358c3e28e899ab},
  intrahash = {38b985b0da01251a3aabca7f1ff39dff},
  keywords = {imported},
  pages = {51-52},
  timestamp = {2010-12-14T09:09:58.000+0100},
  title = {Communication without words},
  year = 1968
}

@article{Winkler14,
 author = {Winkler, Thomas and Rinner, Bernhard},
 title = {Security and Privacy Protection in Visual Sensor Networks: A Survey},
 journal = {ACM Comput. Surv.},
 issue_date = {July 2014},
 volume = {47},
 number = {1},
 month = may,
 year = {2014},
 issn = {0360-0300},
 pages = {2:1--2:42},
 articleno = {2},
 numpages = {42},
 url = {http://doi.acm.org/10.1145/2545883},
 doi = {10.1145/2545883},
 acmid = {2545883},
 publisher = {ACM},
 address = {New York, NY, USA},
 keywords = {Visual sensor networks, image sensor security, privacy protection},
} 

@article{inpaint09,
title = "Efficient object-based video inpainting ",
journal = "Pattern Recognition Letters ",
volume = "30",
number = "2",
pages = "168 - 179",
year = "2009",
note = "Video-based Object and Event Analysis ",
issn = "0167-8655",
doi = "http://dx.doi.org/10.1016/j.patrec.2008.03.011",
author = "M. Vijay Venkatesh and Sen-ching Samson Cheung and Jian Zhao",
}

@inproceedings{Qureshi09,
  added-at = {2009-11-29T00:00:00.000+0100},
  author = {Qureshi, Faisal Z.},
  biburl = {http://www.bibsonomy.org/bibtex/2a7113b976ff37752309dcb78a3d4317a/dblp},
  booktitle = {AVSS},
  crossref = {conf/avss/2009},
  date = {2009-11-29},
  description = {dblp},
  editor = {Tubaro, Stefano and Dugelay, Jean-Luc},
  ee = {http://dx.doi.org/10.1109/AVSS.2009.97},
  interhash = {31fb4239f3c9d01de84192eff68936a7},
  intrahash = {a7113b976ff37752309dcb78a3d4317a},
  keywords = {dblp},
  pages = {442-447},
  publisher = {IEEE Computer Society},
  timestamp = {2009-12-01T11:35:40.000+0100},
  title = {Object-Video Streams for Preserving Privacy in Video Surveillance.},
  year = 2009
}

@inproceedings{Boult05,
 author = {Boult, T. E.},
 title = {PICO: Privacy Through Invertible Cryptographic Obscuration},
 booktitle = {Proceedings of the Computer Vision for Interactive and Intelligent Environment},
 series = {CVIIE '05},
 year = {2005},
 isbn = {0-7695-2524-5},
 pages = {27--38},
 numpages = {12},
 doi = {10.1109/CVIIE.2005.16},
 acmid = {1129519},
 publisher = {IEEE Computer Society},
 address = {Washington, DC, USA},
} 

@book{facs70,
  title={Man's face and mimic language. (Translation: W. F. Salisbury.).},
  author={HJORTSJ{\"O}, C.H.J. and SALISBURY, W.F.},
  url={https://books.google.com.hk/books?id=r68ZMwEACAAJ},
  year={1970}
}

@Article{dufaux08,
   affiliation = {OTHER},
   author      = {Dufaux, Frederic and Ebrahimi, Touradj},
   details     = {http://infoscience.epfl.ch/record/128717},
   documenturl = {http://infoscience.epfl.ch/record/128717/files/2008_tcsvt_dufaux_ebrahimi.pdf},
   doi         = {10.1109/TCSVT.2008.928225},
   journal     = {{IEEE} {T}rans. {o}n {C}ircuits and {S}ystems for {V}ideo {T}echnology},
   keywords    = {privacy; selective encryption; surveillance; video processing},
   number      = {no. 8},
   oai-id      = {oai:infoscience.epfl.ch:128717},
   oai-set     = {driver},
   pages       = {1168--1174},
   review      = {REVIEWED},
   status      = {PUBLISHED},
   title       = {Scrambling for {P}rivacy {P}rotection in {V}ideo {S}urveillance {S}ystems},
   unit        = {MMSPL},
   volume      = {vol. 18},
   year        = 2008
}

@INPROCEEDINGS{erdely14,
AUTHOR = "Adam Erdelyi and Tibor Barat and Patrick Valet and Thomas Winkler and Bernhard Rinner",
TITLE = "Adaptive cartooning for privacy protection in camera networks",
BOOKTITLE = "AVSS'14",
PAGES = {44-49},
YEAR = {2014}, 
}

@inproceedings{Mosa14,
  author    = {Saleh Mosaddegh and
               Lo{\"{\i}}c Simon and
               Fr{\'{e}}d{\'{e}}ric Jurie},
  title     = {Photorealistic Face De-Identification by Aggregating Donors' Face
               Components},
  booktitle = {Computer Vision - {ACCV} 2014 - 12th Asian Conference on Computer
               Vision, Singapore, Singapore, November 1-5, 2014, Revised Selected
               Papers, Part {III}},
  pages     = {159--174},
  year      = {2014},
}

@article{Sweeney02,
 author = {Sweeney, Latanya},
 title = {K-anonymity: A Model for Protecting Privacy},
 journal = {Int. J. Uncertain. Fuzziness Knowl.-Based Syst.},
 issue_date = {October 2002},
 volume = {10},
 number = {5},
 month = oct,
 year = {2002},
 issn = {0218-4885},
 pages = {557--570},
 numpages = {14},
 url = {http://dx.doi.org/10.1142/S0218488502001648},
 doi = {10.1142/S0218488502001648},
 acmid = {774552},
 publisher = {World Scientific Publishing Co., Inc.},
 address = {River Edge, NJ, USA},
 keywords = {data anonymity, data fusion, data privacy, privacy, re-identification},
} 

@article{Newton05,
author = {Elaine M. Newton and Latanya Sweeney and Bradley Malin},
title = {Preserving Privacy by De-Identifying Face Images},
journal ={IEEE Transactions on Knowledge and Data Engineering},
volume = {17},
number = {2},
issn = {1041-4347},
year = {2005},
pages = {232-243},
doi = {http://doi.ieeecomputersociety.org/10.1109/TKDE.2005.32},
publisher = {IEEE Computer Society},
address = {Los Alamitos, CA, USA},
}

@inproceedings{Theobald07,
 author = {Theobald, Barry-John and Matthews, Iain A. and Cohn, Jeffrey F. and Boker, Steven M.},
 title = {Real-time Expression Cloning Using Appearance Models},
 booktitle = {Proceedings of the 9th International Conference on Multimodal Interfaces},
 series = {ICMI '07},
 year = {2007},
 isbn = {978-1-59593-817-6},
 location = {Nagoya, Aichi, Japan},
 pages = {134--139},
 numpages = {6},
 url = {http://doi.acm.org/10.1145/1322192.1322217},
 doi = {10.1145/1322192.1322217},
 acmid = {1322217},
 publisher = {ACM},
 address = {New York, NY, USA},
 keywords = {active appearance models, expression cloning, facial animation},
} 


@Article{Lamp86,
  author =       "A.B. Smith and C.D. Jones and E.F. Roberts",
  title =        "Article Title",
  journal =    "Journal",
  year =   "1920",
  volume =   "62",
  pages =    "291-294",
  month =    "January"
}


@inproceedings{Boyle00,
 author = {Boyle, Michael and Edwards, Christopher and Greenberg, Saul},
 title = {The Effects of Filtered Video on Awareness and Privacy},
 booktitle = {Proceedings of the 2000 ACM Conference on Computer Supported Cooperative Work},
 series = {CSCW '00},
 year = {2000},
 isbn = {1-58113-222-0},
 location = {Philadelphia, Pennsylvania, USA},
 pages = {1--10},
 numpages = {10},
 url = {http://doi.acm.org/10.1145/358916.358935},
 doi = {10.1145/358916.358935},
 acmid = {358935},
 publisher = {ACM},
 address = {New York, NY, USA},
 keywords = {always-on video, awareness, casual interaction, distributed groupware, media spaces},
}

@INPROCEEDINGS{Agrawal09,
    author = {Prachi Agrawal and P. J. Narayanan},
    title = {Person de-identification in videos},
    booktitle = {in Proc. ACCV, 2009},
    year = {},
    pages = {266--276}
}

@article{Sweeney02,
 author = {Sweeney, Latanya},
 title = {K-anonymity: A Model for Protecting Privacy},
 journal = {Int. J. Uncertain. Fuzziness Knowl.-Based Syst.},
 issue_date = {October 2002},
 volume = {10},
 number = {5},
 month = oct,
 year = {2002},
 issn = {0218-4885},
 pages = {557--570},
 numpages = {14},
 url = {http://dx.doi.org/10.1142/S0218488502001648},
 doi = {10.1142/S0218488502001648},
 acmid = {774552},
 publisher = {World Scientific Publishing Co., Inc.},
 address = {River Edge, NJ, USA},
 keywords = {data anonymity, data fusion, data privacy, privacy, re-identification},
} 

@inbook{Meh68,
  added-at = {2010-12-13T14:12:34.000+0100},
  author = {Mehrabian, A.},
  biburl = {http://www.bibsonomy.org/bibtex/238b985b0da01251a3aabca7f1ff39dff/veronicasu},
  booktitle = {Psychology Today},
  edition = 2,
  interhash = {59a7c16467afb1cfeb358c3e28e899ab},
  intrahash = {38b985b0da01251a3aabca7f1ff39dff},
  keywords = {imported},
  pages = {51-52},
  timestamp = {2010-12-14T09:09:58.000+0100},
  title = {Communication without words},
  year = 1968
}

@inproceedings{Gross08,
  author    = {Ralph Gross and
               Latanya Sweeney and
               Jeffrey F. Cohn and
               Fernando De la Torre and
               Simon Baker},
  title     = {Model-Based De-Identification of Facial Images},
  booktitle = {{AMIA} 2008, American Medical Informatics Association Annual Symposium,
               Washington, DC, USA, November 8-12, 2008},
  year      = {2008},
}

@inproceedings{Ralph05,
  author    = {Ralph Gross and
               Edoardo Airoldi and
               Bradley Malin and
               Latanya Sweeney},
  title     = {Integrating Utility into Face De-identification},
  booktitle = {Privacy Enhancing Technologies, 5th International Workshop, {PET}
               2005, Cavtat, Croatia, May 30-June 1, 2005, Revised Selected Papers},
  pages     = {227--242},
  year      = {2005},
}


@article{Lathauwer00,
 author = {Lathauwer, Lieven De and Moor, Bart De and Vandewalle, Joos},
 title = {A Multilinear Singular Value Decomposition},
 journal = {SIAM J. Matrix Anal. Appl.},
 issue_date = {March \â€“ May 2000},
 volume = {21},
 number = {4},
 month = mar,
 year = {2000},
 issn = {0895-4798},
 pages = {1253--1278},
 numpages = {26},
 url = {http://dx.doi.org/10.1137/S0895479896305696},
 doi = {10.1137/S0895479896305696},
 acmid = {354398},
 publisher = {Society for Industrial and Applied Mathematics},
 address = {Philadelphia, PA, USA},
 keywords = {higher-order tensor, multilinear algebra, singular value decomposition},
}

@ARTICLE{Lathauwer_rank,
    author = {Lieven De Lathauwer and Bart De Moor and Joos Vandewalle},
    title = {On the best rank-1 and rank-(R1, R2,...,RN ) approximation of higher-order tensor},
    journal = {SIAM Journal on Matrix Analysis and Applications},
    year = {2000},
    pages = {21--1324}
}

@inproceedings{Vasi02,
 author = {Vasilescu, M. A. O. and Terzopoulos, Demetri},
 title = {Multilinear Analysis of Image Ensembles: TensorFaces},
 booktitle = {Proceedings of the 7th European Conference on Computer Vision-Part I},
 series = {ECCV '02},
 year = {2002},
 isbn = {3-540-43745-2},
 pages = {447--460},
 numpages = {14},
 url = {http://dl.acm.org/citation.cfm?id=645315.649173},
 acmid = {649173},
 publisher = {Springer-Verlag},
 address = {London, UK, UK},
} 

@inproceedings{VasilescuT03,
  added-at = {2014-07-31T00:00:00.000+0200},
  author = {Vasilescu, M. Alex O. and Terzopoulos, Demetri},
  biburl = {http://www.bibsonomy.org/bibtex/2799fe2d64feda39395005a0c78fdddea/dblp},
  booktitle = {CVPR (2)},
  crossref = {conf/cvpr/2003},
  ee = {http://doi.ieeecomputersociety.org/10.1109/CVPR.2003.1211457},
  interhash = {c6b17211953613cde4088668c2c644f3},
  intrahash = {799fe2d64feda39395005a0c78fdddea},
  isbn = {0-7695-1900-8},
  keywords = {dblp},
  pages = {93-99},
  publisher = {IEEE Computer Society},
  timestamp = {2015-06-19T15:53:37.000+0200},
  title = {Multilinear Subspace Analysis of Image Ensembles.},
  year = 2003
}


@article{TPAMI09,
author = { Hyung-Soo Lee and  Daijin Kim},
title = {Tensor-Based AAM with Continuous Variation Estimation: Application to Variation-Robust Face Recognition},
journal ={IEEE Transactions on Pattern Analysis and Machine Intelligence},
volume = {31},
number = {6},
issn = {0162-8828},
year = {2009},
pages = {1-1},
doi = {http://doi.ieeecomputersociety.org/10.1109/TPAMI.2008.286},
publisher = {IEEE Computer Society},
address = {Los Alamitos, CA, USA},
}

@article{Kolda09,
 author = {Kolda, Tamara G. and Bader, Brett W.},
 title = {Tensor Decompositions and Applications},
 journal = {SIAM Rev.},
 issue_date = {August 2009},
 volume = {51},
 number = {3},
 month = aug,
 year = {2009},
 issn = {0036-1445},
 pages = {455--500},
 numpages = {46},
 url = {http://dx.doi.org/10.1137/07070111X},
 doi = {10.1137/07070111X},
 acmid = {1655230},
 publisher = {Society for Industrial and Applied Mathematics},
 address = {Philadelphia, PA, USA},
 keywords = {canonical decomposition (CANDECOMP), higher-order principal components analysis (Tucker), higher-order singular value decomposition (HOSVD), multilinear algebra, multiway arrays, parallel factors (PARAFAC), tensor decompositions},
}

@article{Matthews_04,
   author = "Iain Matthews and Simon Baker",
   title = "Active Appearance Models Revisited",
   journal = "International Journal of Computer Vision",
   pages = "135 - 164",
   month = "November",
   year = "2004",
   volume = "60",
   number = "2",
   Notes = "In Press"
}

@inproceedings{Feng12,
  author = {Feng, Zhen-Hua and Kittler, Josef and Christmas, William J. and Wu, Xiaojun and Pfeiffer, Sebastian},
  biburl = {http://www.bibsonomy.org/bibtex/2af25bc42e48b4f8687ae9dd46b7b44ab/dblp},
  booktitle = {ICPR},
  crossref = {conf/icpr/2012},
  ee = {http://ieeexplore.ieee.org/xpl/freeabs_all.jsp?arnumber=6460696},
  interhash = {dcc034b1a5f885bc6aeaf4b0d5934a10},
  intrahash = {af25bc42e48b4f8687ae9dd46b7b44ab},
  isbn = {978-1-4673-2216-4},
  keywords = {dblp},
  pages = {2586-2589},
  publisher = {IEEE Computer Society},
  timestamp = {2015-04-28T12:25:56.000+0200},
  title = {Automatic face annotation by multilinear AAM with Missing Values.},
  year = 2012
}

@inproceedings{lin05,
  author    = {Dahua Lin and
               Yingqing Xu and
               Xiaoou Tang and
               Shuicheng Yan},
  title     = {Tensor-based factor decomposition for relighting},
  booktitle = {Proceedings of the 2005 International Conference on Image Processing,
               {ICIP} 2005, Genoa, Italy, September 11-14, 2005},
  pages     = {386--389},
  year      = {2005},
  crossref  = {DBLP:conf/icip/2005},
  url       = {http://dx.doi.org/10.1109/ICIP.2005.1530073},
  doi       = {10.1109/ICIP.2005.1530073},
  timestamp = {Wed, 27 Feb 2013 17:40:57 +0100},
  biburl    = {http://dblp.uni-trier.de/rec/bib/conf/icip/LinXTY05},
  bibsource = {dblp computer science bibliography, http://dblp.org}
}


@inproceedings{aggre14,
  author    = {Saleh Mosaddegh and
               Lo{\"{\i}}c Simon and
               Fr{\'{e}}d{\'{e}}ric Jurie},
  title     = {Photorealistic Face De-Identification by Aggregating Donors' Face
               Components},
  booktitle = {Computer Vision - {ACCV} 2014 - 12th Asian Conference on Computer
               Vision, Singapore, Singapore, November 1-5, 2014, Revised Selected
               Papers, Part {III}},
  pages     = {159--174},
  year      = {2014},
  crossref  = {DBLP:conf/accv/2014-3},
  url       = {http://dx.doi.org/10.1007/978-3-319-16811-1_11},
  doi       = {10.1007/978-3-319-16811-1_11},
  timestamp = {Mon, 14 Sep 2015 18:14:44 +0200},
  biburl    = {http://dblp.uni-trier.de/rec/bib/conf/accv/MosaddeghSJ14},
  bibsource = {dblp computer science bibliography, http://dblp.org}
}

@INPROCEEDINGS{swap08,
    author = {Dmitri Bitouk and Neeraj Kumar and Samreen Dhillon and Peter Belhumeur and Shree K. Nayar},
    title = {Face swapping: Automatically replacing faces in photographs},
    booktitle = {In ACM Transactions on Graphics (Proceedings of SIGGRAPH},
    year = {2008}
}

@inproceedings{multifactor08,
 author = {Ralph Gross, Latanya Sweeney, Fernando de la Torre and Simon Baker},
 title = {Semi-Supervised Learning of Multi-Factor Models for Face De-Identification},
 booktitle = "IEEE Conference on Computer Vision and Pattern Recognition",
 month = "June",
 year = {2008},
 }


 @techreport{PIE01,
   author = "Terence Sim and Simon Baker and Maan Bsat",
   title = "The CMU Pose, Illumination, and Expression (PIE) Database of Human Faces",
   booktitle = "",
   institution = "Robotics Institute",
   month = "January",
   year = "2001",
   number= "CMU-RI-TR-01-02",
   address= "Pittsburgh, PA",
}

@TECHREPORT{IMM04,
    author       = "M. M. Nordstr{\o}m and M. Larsen and J. Sierakowski and M. B. Stegmann",
    title        = "The {IMM} Face Database - An Annotated Dataset of 240 Face Images",
    year         = "2004",
    month        = "may",
    keywords     = "annotated image dataset, face images, statistical models of shape",
    number       = "",
    series       = "",
    institution  = "Informatics and Mathematical Modelling, Technical University of Denmark, {DTU}",
    address      = "Richard Petersens Plads, Building 321, {DK-}2800 Kgs. Lyngby",
    type         = "",
    url          = "http://www2.imm.dtu.dk/pubdb/p.php?3160",
}

 @InProceedings{deepface14,
author = {Taigman, Yaniv and Yang, Ming and Ranzato, Marc'Aurelio and Wolf, Lior},
title = {DeepFace: Closing the Gap to Human-Level Performance in Face Verification},
booktitle = {The IEEE Conference on Computer Vision and Pattern Recognition (CVPR)},
month = {June},
year = {2014}
}

@InProceedings{facenet15,
author = {Schroff, Florian and Kalenichenko, Dmitry and Philbin, James},
title = {FaceNet: A Unified Embedding for Face Recognition and Clustering},
booktitle = {The IEEE Conference on Computer Vision and Pattern Recognition (CVPR)},
month = {June},
year = {2015}
}

@article{FRandNetwork14,
    author = {Alessandro Acquisti and Ralph Gross and Fred
              Stutzman},
    title = {Face Recognition and Privacy in the Age of Augmented Reality},
    journal = "Journal of Privacy and Confidentiality",
    year = "2014",
    volume = "6",
    number = "2",
}

@article{nursing06,
  author = {A. Barucha, C. Atkeson, S. Stevens, D. Chen, H. Wactlar, B. Pollock, and M.A. Dew},
  title = {Caremedia: Automated video and sensor analysis for geriatric care},
  journal = {Annual Meeting of the American Association for Geriatric Psychiatry},
  year = "2006",
}

@article{mediDB09,
  added-at = {2009-11-25T00:00:00.000+0100},
  author = {Ashraf, Ahmed Bilal and Lucey, Simon and Cohn, Jeffrey F. and Chen, Tsuhan and Ambadar, Zara and Prkachin, Kenneth M. and Solomon, Patricia E.},
  biburl = {http://www.bibsonomy.org/bibtex/27e8fae7441ee22b3ec1408224a9d4458/dblp},
  date = {2009-11-25},
  description = {dblp},
  ee = {http://dx.doi.org/10.1016/j.imavis.2009.05.007},
  interhash = {710a4f0228c8651db6dc01795d75b50c},
  intrahash = {7e8fae7441ee22b3ec1408224a9d4458},
  journal = {Image Vision Comput.},
  keywords = {dblp},
  number = 12,
  pages = {1788-1796},
  timestamp = {2009-11-26T11:35:28.000+0100},
  title = {The painful face - Pain expression recognition using active appearance models.},
  volume = 27,
  year = 2009
}

@article{blur05,
  author = {C. Neustaedter, S. Greenberg, and M. Boyle},
  title = {Blur filtration fails to preserve privacy for homebased video conferencing},
  journal = {ACM Transactions on Computer Human Interactions(TOHI)},
  year = 2005
}

@article{dufaux10,
  author = {Frederic Dufaux and Touradj Ebrahimi},
  title = {A Framework For The Validation Of Privacy Protection Solutions In Video Surveillance},
  journal = {IEEE International Conference on Multimedia and Expo (ICME)},
  year = 2010
}

@article{AAM01,
 author = {Cootes, Timothy F. and Edwards, Gareth J. and Taylor, Christopher J.},
 title = {Active Appearance Models},
 journal = {IEEE Trans. Pattern Anal. Mach. Intell.},
 issue_date = {June 2001},
 volume = {23},
 number = {6},
 month = jun,
 year = {2001},
 issn = {0162-8828},
 pages = {681--685},
 numpages = {5},
 url = {http://dx.doi.org/10.1109/34.927467},
 doi = {10.1109/34.927467},
 acmid = {378090},
 publisher = {IEEE Computer Society},
 address = {Washington, DC, USA},
 keywords = {Appearance models, deformable templates, model matching.},
} 

@article{faceDeId09,
  author= {Gross, R., Sweeney, L., Cohn, J., de la Torre, F., Baker, S.},
  title = {Face De-Identification},
  year = {2009}
}

@inproceedings{Meng14Face,
  title={Face De-identification with perfect privacy protection},
  author={Meng, L. and Sun, Zongji},
  booktitle={International Convention on Information and Communication Technology, Electronics and Microelectronics},
  pages={1234-1239},
  year={2014},
}

@inproceedings{Sun15,
  author={Zongji Sun, Li Meng, and Aladdin Ariyaeeinia },
  booktitle={Workshop on De-Identification for Privacy Protection in Multimedia (DEID)},
  year = {2015},
}

@inproceedings{GARP14,
  author    = {Liang Du and
               Meng Yi and
               Erik Blasch and
               Haibin Ling},
  title     = {GARP-face: Balancing privacy protection and utility preservation in
               face de-identification},
  booktitle = {{IEEE} International Joint Conference on Biometrics, Clearwater, {IJCB}
               2014, FL, USA, September 29 - October 2, 2014},
  pages     = {1--8},
  year      = {2014},
  crossref  = {DBLP:conf/icb/2014},
  url       = {http://dx.doi.org/10.1109/BTAS.2014.6996249},
  doi       = {10.1109/BTAS.2014.6996249},
  timestamp = {Fri, 30 Jan 2015 16:55:28 +0100},
  biburl    = {http://dblp.uni-trier.de/rec/bib/conf/icb/DuYBL14},
  bibsource = {dblp computer science bibliography, http://dblp.org}
}

@inproceedings{Attribute15,
  added-at = {2016-06-20T00:00:00.000+0200},
  author = {Jourabloo, Amin and Yin, Xi and Liu, Xiaoming},
  biburl = {http://www.bibsonomy.org/bibtex/219455b301b6863bb99c85da46ba8cd07/dblp},
  booktitle = {ICB},
  crossref = {conf/icb/2015},
  ee = {http://dx.doi.org/10.1109/ICB.2015.7139096},
  interhash = {6b6d1fc0c4d1fc83a0cd1db73a31620a},
  intrahash = {19455b301b6863bb99c85da46ba8cd07},
  isbn = {978-1-4799-7824-3},
  keywords = {dblp},
  pages = {278-285},
  publisher = {IEEE},
  timestamp = {2016-06-21T11:54:12.000+0200},
  title = {Attribute preserved face de-identification.},
  year = 2015
}

@inproceedings{TrustCam10,
author = {Winkler, T., and Rinner, B.},
title = {TrustCAM: Security and privacy-protection for an embedded smart camera based on trusted computing},
journal = {IEEE international conference on advanced video and signal based surveillance (AVSS)},
year = {2010}, 
pages = {593â€“600},
}

@inproceedings{scram11,
  title={Compressive sensing based video scrambling for privacy protection},
  author={Tong, Lingling and Dai, Feng and Zhang, Yongdong and Li, Jintao and Zhang, Dongming},
  booktitle={Visual Communications and Image Processing (VCIP), 2011 IEEE},
  pages={1-4},
  year={2011},
}

@inproceedings{AAM98,
  title={Interpreting Face Images Using Active Appearance Models},
  author={Edwards, G. J. and Taylor, C. J. and Cootes, T. F.},
  booktitle={IEEE International Conference on Automatic Face and Gesture Recognition, 1998. Proceedings},
  pages={145-149},
  year={1998},
}

@article{CP27,
  title={The Expression of a Tensor or a Polyadic as a Sum of Products},
  author={Hitchcock, Frank L.},
  journal={Journal of Mathematics and Physics},
  volume={6},
  number={1},
  pages={164â€“189},
  year={1927},
}

@article{CP27_2,
  title={Multiple invariants and generalized rank of a p-way matrix or tensor},
  author={Hitchcock, Frank L},
  journal={Journal of Mathematics and Physics},
  volume={7},
  year={1927},
}

@article{Candelinc80,
  title={Candelinc: A general approach to multidimensional analysis of many-way arrays with linear constraints on parameters},
  author={Carroll, J. Douglas and Pruzansky, Sandra and Kruskal, Joseph B.},
  journal={Psychometrika},
  volume={45},
  number={1},
  pages={3-24},
  year={1980},
}

@article{Parafac72,
  added-at = {2006-10-25T17:45:20.000+0200},
  author = {Harshman, R. A.},
  biburl = {http://www.bibsonomy.org/bibtex/2a964ff885ba59d4c7be518a3914f737a/threemode},
  description = {papers on three-mode analysis},
  interhash = {5ab627591c2b7f0ee88d558195616729},
  intrahash = {a964ff885ba59d4c7be518a3914f737a},
  journal = {UCLA Working Papers in Phonetics},
  keywords = {data mode threemode three analysis},
  pages = {30--44},
  timestamp = {2006-10-25T17:45:20.000+0200},
  title = {{P}{A}{R}{A}{F}{A}{C}2: {M}athematical and technical notes},
  volume = 22,
  year = {1972b}
}

@article{EigenFace91,
 author = {Turk, Matthew and Pentland, Alex},
 title = {Eigenfaces for Recognition},
 journal = {J. Cognitive Neuroscience},
 issue_date = {Winter 1991},
 volume = {3},
 number = {1},
 month = jan,
 year = {1991},
 issn = {0898-929X},
 pages = {71--86},
 numpages = {16},
 url = {http://dx.doi.org/10.1162/jocn.1991.3.1.71},
 doi = {10.1162/jocn.1991.3.1.71},
 acmid = {1326894},
 publisher = {MIT Press},
 address = {Cambridge, MA, USA},
} 

@article{EigenFace97,
  title={Prolog To Face Recognition: Eigenface, Elastic Matching, And Neural Nets},
  author={Shen, Weicheng and Khanna, R.},
  journal={Proceedings of the IEEE},
  volume={85},
  number={9},
  pages={1422-1422},
  year={1997},
}

@article{Bilinear00,
  title={Separating Style and Content with Bilinear Models},
  author={Tenenbaum, Joshua B. and Freeman, William T.},
  journal={Neural Computation},
  volume={12},
  number={6},
  pages={1247-1283},
  year={2000},
}

@inproceedings{Bilinear97,
  title={Learning bilinear models for two-factor problems in vision},
  author={Freeman, W. T. and Tenenbaum, J. B.},
  booktitle={Conference on Computer Vision and Pattern Recognition},
  pages={554-560},
  year={1997},
}

@article{Bilinear04,
  title={Appearance factorization for facial expression analysis},
  author={Abboud, Bouchra and Davoine, Franck},
  journal={Bmvc},
  year={2004},
}

@article{ASM95,
title = "Active Shape Models-Their Training and Application",
journal = "Computer Vision and Image Understanding",
volume = "61",
number = "1",
pages = "38 - 59",
year = "1995",
note = "",
issn = "1077-3142",
doi = "http://dx.doi.org/10.1006/cviu.1995.1004",
url = "http://www.sciencedirect.com/science/article/pii/S1077314285710041",
author = "T.F. Cootes and C.J. Taylor and D.H. Cooper and J. Graham",
}

@article{Snake88,
  title={Snakes: Active contour models},
  author={Kass, Michael and Witkin, Andrew and Terzopoulos, Demetri},
  journal={International Journal of Computer Vision},
  volume={1},
  number={4},
  pages={321-331},
  year={1988},
}

@article{Macedo06,
  title={Expression Transfer between Photographs through Multilinear AAM's},
  author={Macedo, Ives and Brazil, Emilio Vital and Velho, Luiz},
  journal={Brazilian Symposium on Computer Graphics and Image Processing},
  pages={239-246},
  year={2006},
}

@article{landmarks14,
  title={Facial Feature Point Detection: A Comprehensive Survey},
  author={Wang, Nannan and Gao, Xinbo and Tao, Dacheng and Li, Xuelong},
  journal={Eprint Arxiv},
  year={2014},
}

@book{aamFR98,
  title={Face recognition using active appearance models},
  author={Edwards, G. J. and Cootes, T. F. and Taylor, C. J.},
  publisher={Springer Berlin Heidelberg},
  pages={581-595},
  year={1998},
}

@article{aamER09,
  title={Naturalfacialexpressionrecognitionusingdifferential-AAMandmanifoldlearning},
  author={Cheon, Y. and Kim, D.},
  journal={Pattern Recognition},
  volume={42},
  number={7},
  pages={1340â€“1350},
  year={2009},
}

@article{CK10,
          author       = "Lucey, P., Cohn, J. F., Kanade, T., Saragih, J., Ambadar, Z., and Matthews, I",
          title        = "The Extended Cohn-Kanade Dataset (CK+): A complete expression dataset for action unit and emotion-specified expression",
          year         = "2010",
          pages        = "94-101",
          journal     = "the Third International Workshop on CVPR for Human Communicative Behavior Analysis",
}


@techreport{TTB15,
  title={MATLAB Tensor Toolbox Version 2.6},
  author={Brett W. Bader and Tamara G. Kolda and others},
  year={2015},
  institution={http://www.sandia.gov/~tgkolda/TensorToolbox/},
}


@techreport{openface16,
  title={OpenFace: A general-purpose face recognition
    library with mobile applications},
  author={Amos, Brandon and Bartosz Ludwiczuk and Satyanarayanan, Mahadev},
  year={2016},
  institution={CMU-CS-16-118, CMU School of Computer Science},
}
